<record>
  <controlfield tag="001">2054964</controlfield>
  <controlfield tag="003">SzGeCERN</controlfield>
  <controlfield tag="005">20150928110024.0</controlfield>
  <datafield tag="963" ind1=" " ind2=" ">
    <subfield code="a">PUBLIC</subfield>
  </datafield>
  <datafield tag="960" ind1=" " ind2=" ">
    <subfield code="a">116</subfield>
  </datafield>
  <datafield tag="961" ind1=" " ind2=" ">
    <subfield code="c">20050915</subfield>
    <subfield code="h">1520</subfield>
    <subfield code="l">MMD01</subfield>
    <subfield code="x">20040702</subfield>
  </datafield>
  <datafield tag="970" ind1=" " ind2=" ">
    <subfield code="a">000030391MMD</subfield>
  </datafield>
  <datafield tag="980" ind1=" " ind2=" ">
    <subfield code="a">PHOTOARC</subfield>
  </datafield>
  <datafield tag="999" ind1=" " ind2=" ">
    <subfield code="a">ALBUM</subfield>
  </datafield>
  <datafield tag="245" ind1=" " ind2=" ">
    <subfield code="a">Assembly tool for BEBC expansion system</subfield>
  </datafield>
  <datafield tag="260" ind1=" " ind2=" ">
    <subfield code="c">1970</subfield>
  </datafield>
  <datafield tag="541" ind1=" " ind2=" ">
    <subfield code="e">Rubrique: Date Planche:9 70 De:479 A:502</subfield>
  </datafield>
  <datafield tag="595" ind1=" " ind2=" ">
    <subfield code="9">11142014-37_191-8-70_300-10-70-6cmx6cm</subfield>
  </datafield>
  <datafield tag="650" ind1="1" ind2="7">
    <subfield code="2">SzGeCERN</subfield>
    <subfield code="a">Industry and Technology</subfield>
  </datafield>
  <datafield tag="774" ind1=" " ind2=" ">
    <subfield code="a">IMAGE</subfield>
    <subfield code="r">1782445</subfield>
  </datafield>
  <datafield tag="774" ind1=" " ind2=" ">
    <subfield code="a">IMAGE</subfield>
    <subfield code="r">1782446</subfield>
  </datafield>
  <datafield tag="774" ind1=" " ind2=" ">
    <subfield code="a">IMAGE</subfield>
    <subfield code="r">1782447</subfield>
  </datafield>
  <datafield tag="774" ind1=" " ind2=" ">
    <subfield code="a">IMAGE</subfield>
    <subfield code="n">Cover</subfield>
    <subfield code="r">1782448</subfield>
  </datafield>
  <datafield tag="774" ind1=" " ind2=" ">
    <subfield code="a">IMAGE</subfield>
    <subfield code="r">1782449</subfield>
  </datafield>
  <datafield tag="774" ind1=" " ind2=" ">
    <subfield code="a">IMAGE</subfield>
    <subfield code="r">1782450</subfield>
  </datafield>
  <datafield tag="774" ind1=" " ind2=" ">
    <subfield code="a">IMAGE</subfield>
    <subfield code="r">1782451</subfield>
  </datafield>
  <datafield tag="774" ind1=" " ind2=" ">
    <subfield code="a">IMAGE</subfield>
    <subfield code="r">1782452</subfield>
  </datafield>
  <datafield tag="774" ind1=" " ind2=" ">
    <subfield code="a">IMAGE</subfield>
    <subfield code="r">1782453</subfield>
  </datafield>
  <datafield tag="774" ind1=" " ind2=" ">
    <subfield code="a">IMAGE</subfield>
    <subfield code="r">1782454</subfield>
  </datafield>
  <datafield tag="774" ind1=" " ind2=" ">
    <subfield code="a">IMAGE</subfield>
    <subfield code="r">1782455</subfield>
  </datafield>
  <datafield tag="774" ind1=" " ind2=" ">
    <subfield code="a">IMAGE</subfield>
    <subfield code="r">1782456</subfield>
  </datafield>
  <datafield tag="774" ind1=" " ind2=" ">
    <subfield code="a">IMAGE</subfield>
    <subfield code="r">1782457</subfield>
  </datafield>
  <datafield tag="774" ind1=" " ind2=" ">
    <subfield code="a">IMAGE</subfield>
    <subfield code="r">1782458</subfield>
  </datafield>
  <datafield tag="774" ind1=" " ind2=" ">
    <subfield code="a">IMAGE</subfield>
    <subfield code="r">1782459</subfield>
  </datafield>
  <datafield tag="774" ind1=" " ind2=" ">
    <subfield code="a">IMAGE</subfield>
    <subfield code="r">1782460</subfield>
  </datafield>
  <datafield tag="774" ind1=" " ind2=" ">
    <subfield code="a">IMAGE</subfield>
    <subfield code="r">1782461</subfield>
  </datafield>
  <datafield tag="774" ind1=" " ind2=" ">
    <subfield code="a">IMAGE</subfield>
    <subfield code="r">1782462</subfield>
  </datafield>
  <datafield tag="774" ind1=" " ind2=" ">
    <subfield code="a">IMAGE</subfield>
    <subfield code="r">1782463</subfield>
  </datafield>
  <datafield tag="774" ind1=" " ind2=" ">
    <subfield code="a">IMAGE</subfield>
    <subfield code="r">1782464</subfield>
  </datafield>
  <datafield tag="774" ind1=" " ind2=" ">
    <subfield code="a">IMAGE</subfield>
    <subfield code="r">1782465</subfield>
  </datafield>
  <datafield tag="774" ind1=" " ind2=" ">
    <subfield code="a">IMAGE</subfield>
    <subfield code="r">1782466</subfield>
  </datafield>
  <datafield tag="774" ind1=" " ind2=" ">
    <subfield code="a">IMAGE</subfield>
    <subfield code="r">1782467</subfield>
  </datafield>
  <datafield tag="774" ind1=" " ind2=" ">
    <subfield code="a">IMAGE</subfield>
    <subfield code="r">1782468</subfield>
  </datafield>
  <datafield tag="596" ind1=" " ind2=" ">
    <subfield code="a">Updated 774 values on run 1443157298</subfield>
  </datafield>
  <datafield tag="269" ind1=" " ind2=" ">
    <subfield code="c">Sep 1970</subfield>
  </datafield>
  <datafield tag="924" ind1=" " ind2=" ">
    <subfield code="t">40</subfield>
  </datafield>
  <datafield tag="500" ind1=" " ind2=" ">
    <subfield code="a">Album with images scanned from original photo negatives</subfield>
  </datafield>
  <datafield tag="340" ind1=" " ind2=" ">
    <subfield code="a">FILM</subfield>
  </datafield>
  <datafield tag="340" ind1=" " ind2=" ">
    <subfield code="a">Neg NB 6 x 6</subfield>
  </datafield>
</record>
